@inproceedings{engel2014lsd,
  title={LSD-SLAM: Large-scale direct monocular SLAM},
  author={Engel, Jakob and Sch{\"o}ps, Thomas and Cremers, Daniel},
  booktitle={European Conference on Computer Vision},
  pages={834--849},
  year={2014},
  organization={Springer}
}
@inproceedings{forster2014svo,
  title={SVO: Fast semi-direct monocular visual odometry},
  author={Forster, Christian and Pizzoli, Matia and Scaramuzza, Davide},
  booktitle={Robotics and Automation (ICRA), 2014 IEEE International Conference on},
  pages={15--22},
  year={2014},
  organization={IEEE}
}

@article{von2016autonomous,
  title={Autonomous Exploration with a Low-Cost Quadrocopter using Semi-Dense Monocular SLAM},
  author={von Stumberg, Lukas and Usenko, Vladyslav and Engel, Jakob and St{\"u}ckler, J{\"o}rg and Cremers, Daniel},
  journal={arXiv preprint arXiv:1609.07835},
  year={2016}
}